@misc{cortez2008student,
  author    = {Cortez, Paulo and Silva, Alice M. G.},
  title     = {Using data mining to predict secondary school student performance},
  year      = {2008},
  note      = {University of Minho, Portugal. UCI Machine Learning Repository},
  url       = {https://archive.ics.uci.edu/ml/datasets/Student+Performance}
}

@article{romero2020edm,
  author    = {Romero, Cristobal and Ventura, Sebastian},
  title     = {Educational data mining and learning analytics: An updated survey},
  journal   = {Wiley Interdisciplinary Reviews: Data Mining and Knowledge Discovery},
  volume    = {10},
  number    = {3},
  pages     = {e1355},
  year      = {2020},
  doi       = {10.1002/widm.1355}
}

@article{kumar2012applications,
  author    = {Kumar, Vineet and Chadha, Anupam},
  title     = {An empirical study of the applications of data mining techniques in higher education},
  journal   = {International Journal of Advanced Computer Science and Applications (IJACSA)},
  volume    = {3},
  number    = {2},
  pages     = {80--84},
  year      = {2012},
  doi       = {10.14569/IJACSA.2012.030214},
  url       = {https://doi.org/10.14569/IJACSA.2012.030214}
}

@inproceedings{shahiri2015review,
  author    = {Shahiri, Azlin Norhaini Mohd and Husain, Wan and Rashid, Nuraini Abdul},
  title     = {A review on predicting student performance using data mining techniques},
  booktitle = {Procedia Computer Science},
  volume    = {72},
  pages     = {414--422},
  year      = {2015},
  doi       = {10.1016/j.procs.2015.12.111}
}

@article{kotsiantis2004predicting,
  author    = {Kotsiantis, Sotiris B. and Pierrakeas, Christos J. and Pintelas, Panayiotis E.},
  title     = {Predicting students’ performance in distance learning using machine learning techniques},
  journal   = {Applied Artificial Intelligence},
  volume    = {18},
  number    = {5},
  pages     = {411--426},
  year      = {2004},
  doi       = {10.1080/08839510490442058}
}

@article{huang2018predicting,
  author    = {Huang, Shuai and Fang, Ning and Chen, Na},
  title     = {Predicting student academic performance with educational data mining},
  journal   = {Frontiers in Education Technology},
  volume    = {1},
  number    = {1},
  pages     = {1--8},
  year      = {2018},
  doi       = {10.22158/fet.v1n1p1}
}

@article{kumar2017decisiontree,
  author    = {Kumar, Manoj and Singh, Anjali},
  title     = {Predicting student performance using decision tree algorithms},
  journal   = {International Journal of Computer Applications},
  volume    = {175},
  number    = {5},
  pages     = {22--26},
  year      = {2017},
  doi       = {10.5120/ijca2017914605}
}

@book{raschka2022python,
  author    = {Raschka, Sebastian and Mirjalili, Vahid},
  title     = {Python Machine Learning: Machine Learning and Deep Learning with Python, scikit-learn, and TensorFlow 2},
  edition   = {4th},
  publisher = {Packt Publishing},
  year      = {2022},
  url       = {https://www.packtpub.com/product/python-machine-learning-fourth-edition/9781801819312}
}

@book{geron2022hands,
  author    = {Géron, Aurélien},
  title     = {Hands-On Machine Learning with Scikit-Learn, Keras and TensorFlow},
  edition   = {3rd},
  publisher = {O’Reilly Media},
  year      = {2022},
  url       = {https://www.oreilly.com/library/view/hands-on-machine-learning/9781098125967/}
}

@article{pedregosa2011sklearn,
  author    = {Pedregosa, Fabian and Varoquaux, Gael and Gramfort, Alexandre and Michel, Vincent and Thirion, Bertrand and Grisel, Olivier and Blondel, Mathieu and Prettenhofer, Peter and Weiss, Ron and Dubourg, Vincent and Vanderplas, Jake and Passos, Alexandre and Cournapeau, David and Brucher, Matthieu and Perrot, Matthieu and Duchesnay, Edouard},
  title     = {Scikit-learn: Machine learning in Python},
  journal   = {Journal of Machine Learning Research},
  volume    = {12},
  pages     = {2825--2830},
  year      = {2011},
  url       = {https://jmlr.org/papers/v12/pedregosa11a.html}
}
